<record><leader>00000cas a22000007a 4500</leader><controlfield tag="001">18929233</controlfield><controlfield tag="008">881220d19421945nyuqx ne      0    0eng d</controlfield><datafield ind1=" " ind2=" " tag="010"><subfield code="a">sn 89071012 </subfield></datafield><datafield ind1=" " ind2=" " tag="040"><subfield code="a">NYS</subfield><subfield code="b">eng</subfield><subfield code="c">NYS</subfield><subfield code="d">OCLCQ</subfield></datafield><datafield ind1=" " ind2=" " tag="042"><subfield code="a">msc</subfield></datafield><datafield ind1="0" ind2="0" tag="245"><subfield code="a">East Bloomfield review.</subfield></datafield><datafield ind1=" " ind2=" " tag="260"><subfield code="a">East Bloomfield, N.Y. :</subfield><subfield code="b">Lena S. Steele,</subfield><subfield code="c">1942-1945.</subfield></datafield><datafield ind1=" " ind2=" " tag="300"><subfield code="a">v.</subfield></datafield><datafield ind1=" " ind2=" " tag="310"><subfield code="a">Quarterly,</subfield><subfield code="b">Nov. 1945</subfield></datafield><datafield ind1=" " ind2=" " tag="321"><subfield code="a">Frequency varies,</subfield><subfield code="b">Oct. 1942-July 1945</subfield></datafield><datafield ind1="0" ind2=" " tag="362"><subfield code="a">No. 1 (Oct. 15, 1945)-</subfield></datafield><datafield ind1="1" ind2=" " tag="362"><subfield code="a">Ceased Nov. 1945?</subfield></datafield><datafield ind1=" " ind2="4" tag="651"><subfield code="a">East Bloomfield (N.Y.)</subfield><subfield code="v">Newspapers.</subfield></datafield><datafield ind1=" " ind2=" " tag="752"><subfield code="a">United States</subfield><subfield code="b">New York</subfield><subfield code="c">Ontario</subfield><subfield code="d">East Bloomfield.</subfield></datafield></record>